<record><leader>00000cas a22000007a 4500</leader><controlfield tag="001">18077372</controlfield><controlfield tag="008">880613d189u1897aluwr ne      0    0eng d</controlfield><datafield ind1=" " ind2=" " tag="010"><subfield code="a">sn 88050110 </subfield></datafield><datafield ind1=" " ind2=" " tag="040"><subfield code="a">CPN</subfield><subfield code="b">eng</subfield><subfield code="c">CPN</subfield><subfield code="d">OCLCQ</subfield></datafield><datafield ind1=" " ind2=" " tag="042"><subfield code="a">msc</subfield></datafield><datafield ind1="0" ind2=" " tag="130"><subfield code="a">Sheffield standard (Sheffield, Ala.)</subfield></datafield><datafield ind1="1" ind2="4" tag="245"><subfield code="a">The Sheffield standard.</subfield></datafield><datafield ind1=" " ind2=" " tag="260"><subfield code="a">Sheffield, Ala. :</subfield><subfield code="b">E.M. Ragland</subfield></datafield><datafield ind1=" " ind2=" " tag="310"><subfield code="a">Weekly</subfield></datafield><datafield ind1="1" ind2=" " tag="362"><subfield code="a">Ceased in Jan. 1897.</subfield></datafield><datafield ind1=" " ind2=" " tag="588"><subfield code="a">Description based on: Vol. 2, no. 9 (Jan. 12, 1895).</subfield></datafield><datafield ind1=" " ind2=" " tag="752"><subfield code="a">United States</subfield><subfield code="b">Alabama</subfield><subfield code="c">Colbert</subfield><subfield code="d">Sheffield.</subfield></datafield><datafield ind1="0" ind2="7" tag="785"><subfield code="t">Lauderdale journal</subfield><subfield code="w">(DLC)sn 87050025</subfield></datafield><datafield ind1="0" ind2="7" tag="785"><subfield code="t">Florence standard=journal</subfield><subfield code="w">(DLC)sn 87050026</subfield></datafield></record>